@misc{brignull1,
    author      =       {Harry Brignull},
    title       =       {Dark Patterns - Dirty Tricks Designers Use to Make People Do Stuff},
    year        =       {2010},
    url         =       {https://90percentofeverything.com/2010/07/08/dark-patterns-dirty-tricks-designers-use-to-make-people-do-stuff/},
}

@article{gray,
    title       =       {The Dark (Patterns) Side of UX Design},
    author      =       {Colin M. Gray and Yubo Kou and Bryan Battles and Joseph Hoggatt and  Austin L. Toombs},
    year        =       {2018},
    journal     =       {CHI '18: Proceedings of the 2018 CHI Conference on Human Factors in Computing Systems},
    publisher   =       {ACM},
    number      =       {534},
    DOI         =       {10.1145/3173574.3174108},
}

@article{mathur,
    title       =       {Dark Patterns at Scale: Findings from a Crawl of 11K Shopping Websites},
    author      =       {Arunesh Mathur and Gunes Acar and Michael Friedman and Elena Lucherini and Jonathan Mayer and Marshini Chetty and Arvind Narayanan},
    year        =       {2019},
    journal     =       {Proc. ACM Hum.-Comput. Interact.},
    publisher   =       {ACM},
    volume      =       {1},
    number      =       {CSCW},
    doi         =       {10.1145/3359183},
}

@article{geronimo, 
    title       =       {UI Dark Patterns and Where to Find Them: A Study on Mobile Applications and User Perception},
    author      =       {Linda Di Geronimo and Larissa Braz and Enrico Fregnan and Fabio Palomba and Alberto Bacchelli},
    year        =       {2020},
    journal     =       {CHI '20: Proceedings of the 2018 CHI Conference on Human Factors in Computing Systems},
    publisher   =       {ACM},
    number      =       {CSCW},
    doi         =       {10.1145/3313831.3376600},
}

@article{zagal,    
    title       =       {Dark Patterns in the Design of Games},
    author      =       {José P. Zagal and Staffan Björk and Chris Lewis},
    year        =       {2013},
    journal     =       {Foundations of Digital Games 2013},
}

@inproceedings{lacey, 
    title       =       {Cuteness as a 'Dark Pattern' in Home Robots},
    author      =       {Dr. Cherie Lacey and Dr. Catherine Caudwell},
    year        =       {2019},
    journal     =       {2019 14th ACM/IEEE International Conference on Human-Robot Interaction (HRI)},
    publisher   =       {IEEE Press},
    pages       =       {374–381},
    doi         =       {10.1109/HRI.2019.8673274},
}

@article{boesch, 
    title       =       {Tales from the Dark Side: Privacy Dark Strategies and Privacy Dark Patterns},
    author      =       {Christoph Bösch and Benjamin Erb and Frank Kargl and Henning Kopp and Stefan Pfattheicher},
    year        =       {2016},
    journal     =       {Proceedings on Privacy Enhancing Technologies 2016},
    publisher   =       {Sciendo},
    doi         =       {10.1515/popets-2016-0038},
}

@misc{digital_detox,
    title       =       {Digital Detox: Mit diesen Apps klappt das Handyfasten},
    author      =       {Simone Warnke},
    year        =       {2020},
    url         =       {https://www.inside-digital.de/ratgeber/digital-detox},    
    note        =       {[Zuletzt besucht am 23.11.2020]},
}

@misc{the_social_dilemma,
    title       =       {The Social Dilemma},
    author      =       {Jeff Orlowski and Larissa Rhodes},
    year        =       {2020},
    publisher   =       {Netflix},
}

@misc{bipartisan,
    title       =       {Senators Introduce Bipartisan Legislation to Ban Manipulative 'Dark Patterns'},
    author      =       {Mark R. Warner},
    year        =       {2019},
    url         =       {https://www.warner.senate.gov/public/index.cfm/2019/4/senators-introduce-bipartisan-legislation-to-ban-manipulative-dark-patterns},    
    note        =       {[Zuletzt besucht am 23.11.2020]},
}

@article{pareek,
    author      =       {Shatrughan Pareek},
    year        =       {2017},
    month       =       {01},
    pages       =       {596},
    title       =       {Phantom Vibration Syndrome: An Emerging Phenomenon},
    volume      =       {7},
    journal     =       {Asian Journal of Nursing Education and Research},
    doi         =       {10.5958/2349-2996.2017.00116.1},
}

@misc{brignull2,
    title       =       {Testimonium - A spotlight on dark patterns},
    author      =       {Harry Brignull},
    year        =       {2010},
    url         =       {https://testimonium.co/},    
    note        =       {[Zuletzt besucht am 15.11.2020]},
}

@misc{brignull3, 
    title       =       {Dark Patterns - Types of Dark Pattern},
    author      =       {Harry Brignull and Alexander Darlington},
    year        =       {2010},
    url         =       {https://darkpatterns.org/types-of-dark-pattern.html},
    note        =       {[Zuletzt besucht am 15.11.2020]},
}

@misc{brignull4, 
    title       =       {Dark Patterns / Twitter},
    author      =       {Harry Brignull},
    url         =       {https://twitter.com/darkpatterns},
    note        =       {[Zuletzt besucht am 15.11.2020]},
}

@misc{snv,
    title       =       {Policy Brief - Dark Patterns: Design mit gesellschaftlichen Nebenwirkungen},
    author      =       {Sebastian Rieger and Caroline Sinders},
    year        =       {2020},
    publisher   =       {Stiftung Neue Verantwortung},
    url         =       {https://www.stiftung-nv.de/de/publikation/dark-patterns-design-mit-gesellschaftlichen-nebenwirkungen},
    note        =       {[Zuletzt besucht am 16.11.2020]},
}

@misc{tab,
    title       =       {Themenkurzprofil: Dark Patterns - Mechanismen (be)trügerischen Internetdesigns},
    author      =       {Christoph Bogenstahl},
    year        =       {2019},
    publisher   =       {Büro für Technikfolgen-Abschätzung beim Deutschen Bundestag (TAB)},
    url         =       {https://www.tab-beim-bundestag.de/de/publikationen/themenprofile/Themenkurzprofil-030.html},
    note        =       {[Zuletzt besucht am 16.11.2020]},
}

@misc{fastcompany,
    title       =       {Fast Company - These are the deceptive design tricks and dark patterns that steer your clicks each day},
    author      =       {Mark Sullivan},
    year        =       {2019},
    publisher   =       {Fast Company},
    url         =       {https://www.fastcompany.com/90369183/deceptive-design-tricks-and-dark-patterns-that-steer-your-clicks},
    note        =       {[Zuletzt besucht am 16.11.2020]},
}

@misc{swr,
    title       =       {SWR odysso - Online-Plattformen: Die Tricks der Buchungs-Portale},
    author      =       {Rudolf Peter},
    year        =       {2018},
    publisher   =       {Südwestrundfunk},
    url         =       {https://www.swr.de/odysso/wie-daten-zu-geld-werden/-/id=1046894/did=21619668/nid=1046894/1tfs94f/index.html},
    note        =       {[Zuletzt besucht am 16.11.2020]},
}

@misc{bundeskartellamt,
    title       =       {Sektoruntersuchung Smart-TVs - Bericht},
    author      =       {Bundeskartellamt},
    year        =       {2020},
    publisher   =       {Bundeskartellamt},
    url         =       {https://www.bundeskartellamt.de/SharedDocs/Publikation/DE/Sektoruntersuchungen/Sektoruntersuchung_SmartTVs_Bericht.html},
    note        =       {[Zuletzt besucht am 16.11.2020]},
}

@misc{thurrott,
    title       =       {Upgradegate: Microsoft’s Upgrade Deceptions Are Undermining Windows 10},
    author      =       {Paul Thurrott},
    year        =       {2016},
    url         =       {https://www.thurrott.com/windows/windows-10/67367/upgradegate-microsofts-upgrade-deceptions-undermining-windows-10},
    note        =       {[Zuletzt besucht am 15.11.2020]},
}

@misc{brignull5,
    title       =       {Dark Patterns - Friend Spam - A Type of Dark Pattern},
    author      =       {Harry Brignull and Alexander Darlington},
    year        =       {2010},
    url         =       {https://darkpatterns.org/types-of-dark-pattern/friend-spam.html},
    note        =       {[Zuletzt besucht am 16.11.2020]},
}

@misc{narayanan,
    title       =       {Dark Patterns - Past, Present, and Future | September 2020 | Communications of the ACM},
    author      =       {Arvind Narayanan and Arunesh Mathur and Marshini Chetty and Mihir Kshirsagar},
    year        =       {2020},
    url         =       {https://cacm.acm.org/magazines/2020/9/246937-dark-patterns/fulltext},
    note        =       {[Zuletzt besucht am 18.11.2020]},
}

@article{nakamura,
    title       =       {Don’t Hate the Player, Hate the Game:The Racialization of Labor in Worldof Warcraft},
    author      =       {Lisa Nakamura},
    year        =       {2009},
    journal     =       {Critical Studies in Media Communication},
    publisher   =       {Routledge},
    url         =       {https://lnakamur.files.wordpress.com/2012/03/donthatetheplayer.pdf},
}

@article{king,
    title       =       {Tolerance in Internet gaming disorder: A need for increasing gaming time or something else?},
    author      =       {Daniel L. King and Madeleine C. E. Herd and Paul H. Delfabbro},
    journal     =       {Journal of Behavioral Addictions},
    year        =       {2017},
    doi         =       {10.1556/2006.6.2017.072},
}

@misc{communicationstudies,
    title       =       {Proxemics - Communication Studies},
    author      =       {Communication Studies},
    year        =       {2013},
    url         =       {https://www.communicationstudies.com/communication-theories/proxemics},
    note        =       {[Zuletzt besucht am 19.11.2020]},
}

@book{marquardt,
    title       =       {Proxemic Interactions: From Theory to Practice - Synthesis Lectures on Human-Centered Informatics},
    author      =       {Nicolai Marquardt and Saul Greenberg},
    year        =       {2015},
    doi         =       {10.2200/S00619ED1V01Y201502HCI025},
}

@inproceedings{greenberg, 
    title       =       {Dark Patterns in Proxemic Interactions: A Critical Perspective},
    author      =       {Saul Greenberg and Sebastian Boring and Jo Vermeulen and Jakub Dostal},
    year        =       {2014},
    journal     =       {Proceedings of the 2014 Conference on Designing Interactive Systems},
    publisher   =       {Association for Computing Machinery},
    doi         =       {10.1145/2598510.2598541},
}

@online{youtube,
    title       =       {Novo-Ad Mirror},
    author      =       {Deal Runner},
    year        =       {2015},
    url         =       {https://www.youtube.com/watch?v=nTZ13rwdFYQ},
    note        =       {[Zuletzt besucht am 19.11.2020]},
    
}

@misc{zugfenster_ad,
    title       =       {DER SPIEGEL - Spiegel Netzwelt - Sprechende Fenster wecken schlafende Pendler},
    author      =       {Jörg Breithut},
    year        =       {2013},
    url         =       {https://www.spiegel.de/netzwelt/gadgets/sprechende-zugfenster-diese-werbung-weckt-schlafende-pendler-a-909619.html},
    note        =       {[Zuletzt besucht am 19.11.2020]},
}

@misc{proximity_marketing,
    title       =       {Techspot - Apple's iBeacon location-aware shopping goes live in over 250 stores},
    author      =       {Jose Vilches},
    year        =       {2013},
    url         =       {https://www.techspot.com/news/54932-apples-ibeacon-location-aware-shopping-goes-live-in-over-250-stores.html},
    note        =       {[Zuletzt besucht am 19.11.2020]},
}

@misc{proximity_marketing2,
    title       =       {Techspot - Proximity is Samsung's version of Apple's iBeacon marketing platform},
    author      =       {Shawn Knight},
    year        =       {2014},
    url         =       {https://www.techspot.com/news/58799-proximity-samsung-version-apple-ibeacon-marketing-platform.html},
    note        =       {[Zuletzt besucht am 19.11.2020]},
}

@misc{amnesty_international,
    title       =       {Frankfurter Allgemeine - Deus Ex Machina - Guck mal, wer da guckt},
    author      =       {Marco Settembrini di Novetre},
    year        =       {2012},
    url         =       {https://blogs.faz.net/deus/2012/12/11/guck-mal-wer-da-guckt-961/},
    note        =       {[Zuletzt besucht am 19.11.2020]},
}

@misc{fitness_first,
    title       =       {WIRED - Weight-Revealing Billboard Shames Fatties into Joining Gym},
    author      =       {Charlie Sorrel},
    year        =       {2009},
    url         =       {https://www.wired.com/2009/03/weight-revealin/},
    note        =       {[Zuletzt besucht am 19.11.2020]},
}

@misc{oeffentliche_it,
    title       =       {Digitale Souveränität - Was brauchen wir zur staatlichen Selbstbestimmung im Digitalen? - Digitalpolitisches Dossier},
    author      =       {Gabriele Goldacker and Basanta Thapa and Jens Tiemann},
    publisher   =       {Kompetenzzentrum Öffentliche IT},
    year        =       {2019},
    url         =       {https://www.oeffentliche-it.de/documents/10181/105256/%C3%96FIT+Ordnungsangebot+Digitale+Souver%C3%A4nit%C3%A4t.pdf},
    note        =       {[Zuletzt besucht am 22.11.2020]},
}

@misc{dapde,
    title       =       {Dark Pattern Detection Project - Dapde},
    author      =       {Quirin Weinzierl},
    year        =       {2020},
    url         =       {https://dapde.de/de/dark-patterns/},
    note        =       {[Zuletzt besucht am 23.11.2020]},
}

@misc{dp_games,
    title       =       {Dark Pattern Games},
    author      =       {DarkPattern.games},
    year        =       {2019},
    url         =       {https://www.darkpattern.games/},
    note        =       {[Zuletzt besucht am 23.11.2020]},    
}